@article{cea2020analytics,
  title     = {An analytics approach to the FIFA ranking procedure and the World Cup final draw},
  author    = {Cea, Sebasti{\'a}n and Dur{\'a}n, Guillermo and Guajardo, Mario and Saur{\'e}, Denis and Siebert, Joaqu{\'\i}n and Zamorano, Gonzalo},
  journal   = {Annals of Operations Research},
  volume    = {286},
  number    = {1},
  pages     = {119--146},
  year      = {2020},
  publisher = {Springer}
}

@article{mrthlinh_2018,
  title   = {FIFA-World-Cup-Prediction/report.md at master Â· mrthlinh/FIFA-World-Cup-Prediction},
  url     = {https://github.com/mrthlinh/FIFA-World-Cup-Prediction/blob/master/report/report.md},
  journal = {GitHub},
  author  = {Mrthlinh},
  year    = {2018},
  month   = {Jul}
}

@article{nader_2018,
  title   = {Using Machine Learning To Simulate World Cup Matches},
  url     = {https://towardsdatascience.com/using-machine-learning-to-simulate-world-cup-matches-959e24d0731},
  journal = {Towards Data Science},
  author  = {Nader, Rodrigo},
  year    = {2018},
  month   = {Jul}
}

@article{raghunathan_2020,
  title   = {Simulating the FIFA World Cup 2022},
  url     = {https://towardsdatascience.com/simulating-the-fifa-world-cup-2022-d363fad7da22},
  journal = {Towards Data Science},
  author  = {Raghunathan, Abhinav},
  year    = {2020},
  month   = {Dec}
}


@article{uow_2018,
  title   = {How to Write your Discovery Project Proposal},
  author  = {University of Washington},
  url     = {https://sites.uw.edu/somcurr2/iii-scholarship-requirement/scholarship-of-discovery/how-to-write-your-project-proposal/},
  journal = {University of Washington School of Medicine III Requirement},
  year    = {2018}
}

